@inproceedings{10.1007/3-540-36970-8_37,
  title = {The Measure of Pareto Optima Applications to Multi-Objective Metaheuristics},
  booktitle = {Evolutionary Multi-Criterion Optimization},
  author = {Fleischer, M.},
  editor = {Fonseca, Carlos M. and Fleming, Peter J. and Zitzler, Eckart and Thiele, Lothar and Deb, Kalyanmoy},
  year = {2003},
  pages = {519--533},
  publisher = {Springer Berlin Heidelberg},
  address = {Berlin, Heidelberg},
  isbn = {978-3-540-36970-7}
}

@article{aslamComprehensiveSurveyOptimization2020,
  title = {A {{Comprehensive Survey}} on {{Optimization Techniques}} in {{Image Processing}}},
  author = {Aslam, Yasir and Santhi, N.},
  year = {2020},
  month = jan,
  journal = {Materials Today: Proceedings},
  series = {International {{Multi-conference}} on {{Computing}}, {{Communication}}, {{Electrical}} \& {{Nanotechnology}}, {{I2CN-2K19}}, 25th \& 26th {{April}} 2019},
  volume = {24},
  pages = {1758--1765},
  issn = {2214-7853},
  doi = {10.1016/j.matpr.2020.03.600},
  urldate = {2023-12-05}
}

@book{backHandbookEvolutionaryComputation1997,
  title = {Handbook of {{Evolutionary Computation}} ({{Computational Intelligence Library}})},
  author = {B{\"a}ck, Thomas and Fogel, David B. and Michalewicz, Zbigniew},
  year = {1997},
  series = {Computational {{Intelligence Library}}},
  edition = {Lslf},
  publisher = {Published in cooperation with the Institute of Physics},
  urldate = {2024-04-21},
  isbn = {978-0-7503-0392-7}
}

@book{banzhafHandbookEvolutionaryMachine2024,
  title = {Handbook of {{Evolutionary Machine Learning}}},
  editor = {Banzhaf, Wolfgang and Machado, Penousal and Zhang, Mengjie},
  year = {2024},
  series = {Genetic and {{Evolutionary Computation}}},
  publisher = {Springer Nature Singapore},
  address = {Singapore},
  doi = {10.1007/978-981-99-3814-8},
  urldate = {2024-04-21},
  copyright = {https://www.springernature.com/gp/researchers/text-and-data-mining},
  isbn = {978-981-9938-13-1 978-981-9938-14-8},
  langid = {english}
}

@incollection{basto-fernandesSurveyDiversityOriented2017,
  title = {A {{Survey}} of {{Diversity Oriented Optimization}}: {{Problems}}, {{Indicators}}, and {{Algorithms}}},
  shorttitle = {A {{Survey}} of {{Diversity Oriented Optimization}}},
  booktitle = {{{EVOLVE}} -- {{A Bridge}} between {{Probability}}, {{Set Oriented Numerics}} and {{Evolutionary Computation VII}}},
  author = {{Basto-Fernandes}, Vitor and Yevseyeva, Iryna and Deutz, Andr{\'e} and Emmerich, Michael},
  editor = {Emmerich, Michael and Deutz, Andr{\'e} and Sch{\"u}tze, Oliver and Legrand, Pierrick and Tantar, Emilia and Tantar, Alexandru-Adrian},
  year = {2017},
  series = {Studies in {{Computational Intelligence}}},
  pages = {3--23},
  publisher = {Springer International Publishing},
  address = {Cham},
  doi = {10.1007/978-3-319-49325-1_1},
  urldate = {2023-10-12},
  isbn = {978-3-319-49325-1},
  langid = {english}
}

@inproceedings{bastofernandesSurveyDiversityOrientedOptimization2013,
  title = {A {{Survey}} of {{Diversity-Oriented Optimization}}},
  author = {Basto Fernandes, Vitor and Yevseyeva, I. and Emmerich, Michael},
  year = {2013},
  month = jul
}

@inproceedings{batistaComparisonDominanceCriteria2011,
  title = {A Comparison of Dominance Criteria in Many-Objective Optimization Problems},
  booktitle = {2011 {{IEEE Congress}} of {{Evolutionary Computation}} ({{CEC}})},
  author = {Batista, Lucas S. and Campelo, Felipe and Guimaraes, Frederico G. and Ramirez, Jaime A.},
  year = {2011},
  month = jun,
  pages = {2359--2366},
  publisher = {IEEE},
  address = {New Orleans, LA, USA},
  doi = {10.1109/CEC.2011.5949909},
  urldate = {2023-02-08},
  isbn = {978-1-4244-7834-7},
  langid = {english},
  keywords = {MOP}
}

@article{beumeSMSEMOAMultiobjectiveSelection2007,
  title = {{{SMS-EMOA}}: {{Multiobjective}} Selection Based on Dominated Hypervolume},
  shorttitle = {{{SMS-EMOA}}},
  author = {Beume, Nicola and Naujoks, Boris and Emmerich, Michael},
  year = {2007},
  month = sep,
  journal = {European Journal of Operational Research},
  volume = {181},
  number = {3},
  pages = {1653--1669},
  issn = {03772217},
  doi = {10.1016/j.ejor.2006.08.008},
  urldate = {2023-04-21},
  langid = {english}
}

@inproceedings{bowmanRelationshipTchebycheffNorm1976,
  title = {On the {{Relationship}} of the {{Tchebycheff Norm}} and the {{Efficient Frontier}} of {{Multiple-Criteria Objectives}}},
  booktitle = {Multiple {{Criteria Decision Making}}},
  author = {Bowman, V. Joseph},
  editor = {Thiriez, Herv{\'e} and Zionts, Stanley},
  year = {1976},
  series = {Lecture {{Notes}} in {{Economics}} and {{Mathematical Systems}}},
  pages = {76--86},
  publisher = {Springer},
  address = {Berlin, Heidelberg},
  doi = {10.1007/978-3-642-87563-2_5},
  isbn = {978-3-642-87563-2},
  langid = {english}
}

@article{brockhoffPropertiesR2Indicator2012,
  title = {On the {{Properties}} of the {{R2 Indicator}}},
  author = {Brockhoff, Dimo and Wagner, Tobias and Trautmann, Heike},
  year = {2012},
  month = jul,
  journal = {GECCO'12 - Proceedings of the 14th International Conference on Genetic and Evolutionary Computation},
  doi = {10.1145/2330163.2330230}
}

@phdthesis{cardonaIMOACORNuevoAlgoritmo,
  title = {{iMOACOR: un nuevo algoritmo de optimizaci{\textasciiacute}on multi-objetivo basado en colonias de hormigas para espacios de b{\'u}squeda continuos}},
  author = {Cardona, Jesus Guillermo Falc{\'o}n},
  langid = {spanish}
}

@article{cardonaNuevosDescubrimientosTorno,
  title = {{Nuevos descubrimientos en torno a algoritmos evolutivos multi-objetivo basados en indicadores}},
  author = {Cardona, Jesus Guillermo Falc{\'o}nn},
  langid = {spanish}
}

@article{cardonaNuevosDescubrimientosTornoa,
  title = {{Nuevos descubrimientos en torno a algoritmos evolutivos multi-objetivo basados en indicadores}},
  author = {Cardona, Jesus Guillermo Falcon},
  langid = {spanish}
}

@phdthesis{carlosignaciohernandezcastellanosSetOrientedMethods,
  title = {Set {{Oriented Methods}} for {{Multi-objective Optimization}}},
  author = {{Carlos Ignacio Hern{\'a}ndez Castellanos}},
  urldate = {2023-10-11}
}

@inproceedings{coellocoelloStudyParallelizationCoevolutionary2004,
  title = {A {{Study}} of the {{Parallelization}} of a {{Coevolutionary Multi-objective Evolutionary Algorithm}}},
  booktitle = {{{MICAI}} 2004: {{Advances}} in {{Artificial Intelligence}}},
  author = {Coello Coello, Carlos A. and Reyes Sierra, Margarita},
  editor = {Monroy, Ra{\'u}l and {Arroyo-Figueroa}, Gustavo and Sucar, Luis Enrique and Sossa, Humberto},
  year = {2004},
  pages = {688--697},
  publisher = {Springer},
  address = {Berlin, Heidelberg},
  doi = {10.1007/978-3-540-24694-7_71},
  isbn = {978-3-540-24694-7},
  langid = {english}
}

@article{coelloEvolutionaryAlgorithmsSolving,
  title = {Evolutionary {{Algorithms}} for {{Solving Multi-Objective Problems Second Edition}}},
  author = {Coello, Carlos A Coello and Lamont, Gary B and Veldhuizen, David A Van},
  langid = {english},
  keywords = {Algoritmos evolutivos,MOP}
}

@article{coelloSolvingMultiobjectiveOptimization2005,
  title = {Solving {{Multiobjective Optimization Problems Using}} an {{Artificial Immune System}}},
  author = {Coello, Carlos A. Coello and Cort{\'e}s, Nareli Cruz},
  year = {2005},
  month = jun,
  journal = {Genet Program Evolvable Mach},
  volume = {6},
  number = {2},
  pages = {163--190},
  issn = {1573-7632},
  doi = {10.1007/s10710-005-6164-x},
  urldate = {2023-10-12},
  langid = {english}
}

@inproceedings{debFastElitistNondominated2000,
  title = {A {{Fast Elitist Non-dominated Sorting Genetic Algorithm}} for {{Multi-objective Optimization}}: {{NSGA-II}}},
  shorttitle = {A {{Fast Elitist Non-dominated Sorting Genetic Algorithm}} for {{Multi-objective Optimization}}},
  booktitle = {Parallel {{Problem Solving}} from {{Nature PPSN VI}}},
  author = {Deb, Kalyanmoy and Agrawal, Samir and Pratap, Amrit and Meyarivan, T.},
  editor = {Schoenauer, Marc and Deb, Kalyanmoy and Rudolph, G{\"u}nther and Yao, Xin and Lutton, Evelyne and Merelo, Juan Julian and Schwefel, Hans-Paul},
  year = {2000},
  series = {Lecture {{Notes}} in {{Computer Science}}},
  pages = {849--858},
  publisher = {Springer},
  address = {Berlin, Heidelberg},
  doi = {10.1007/3-540-45356-3_83},
  isbn = {978-3-540-45356-7},
  langid = {english}
}

@article{debMultiObjectiveOptimizationUsing,
  title = {Multi-{{Objective Optimization Using Evolutionary Algorithms}}: {{An Introduction}}},
  author = {Deb, Kalyanmoy},
  langid = {english},
  keywords = {MOO}
}

@inproceedings{debScalableMultiobjectiveOptimization2002,
  title = {Scalable Multi-Objective Optimization Test Problems},
  booktitle = {Proceedings of the 2002 {{Congress}} on {{Evolutionary Computation}}. {{CEC}}'02 ({{Cat}}. {{No}}.{{02TH8600}})},
  author = {Deb, K. and Thiele, L. and Laumanns, M. and Zitzler, E.},
  year = {2002},
  month = may,
  volume = {1},
  pages = {825-830 vol.1},
  doi = {10.1109/CEC.2002.1007032},
  urldate = {2024-04-22}
}

@article{demsarStatisticalComparisonsClassifiers2006a,
  title = {Statistical {{Comparisons}} of {{Classifiers}} over {{Multiple Data Sets}}},
  author = {Dem{\v s}ar, Janez},
  year = {2006},
  month = dec,
  journal = {J. Mach. Learn. Res.},
  volume = {7},
  pages = {1--30},
  issn = {1532-4435}
}

@incollection{emmerichQualityIndicatorsBlackBox2013,
  title = {On {{Quality Indicators}} for {{Black-Box Level Set Approximation}}},
  booktitle = {{{EVOLVE- A Bridge}} between {{Probability}}, {{Set Oriented Numerics}} and {{Evolutionary Computation}}},
  author = {Emmerich, Michael T. M. and Deutz, Andr{\'e} H. and Kruisselbrink, Johannes W.},
  editor = {Tantar, Emilia and Tantar, Alexandru-Adrian and Bouvry, Pascal and Del Moral, Pierre and Legrand, Pierrick and Coello Coello, Carlos A. and Sch{\"u}tze, Oliver},
  year = {2013},
  pages = {157--185},
  publisher = {Springer},
  address = {Berlin, Heidelberg},
  doi = {10.1007/978-3-642-32726-1_4},
  urldate = {2024-07-14},
  isbn = {978-3-642-32726-1},
  langid = {english}
}

@article{falcon-cardonaConstructionParetoCompliantCombined2022,
  title = {On the {{Construction}} of {{Pareto-Compliant Combined Indicators}}},
  author = {{Falc{\'o}n-Cardona}, J. G. and Emmerich, M. T. M. and Coello, C. A. Coello},
  year = {2022},
  month = sep,
  journal = {Evolutionary Computation},
  volume = {30},
  number = {3},
  pages = {381--408},
  issn = {1530-9304},
  doi = {10.1162/evco_a_00307},
  urldate = {2023-02-08},
  langid = {english},
  keywords = {MOP}
}

@incollection{falcon-cardonaCRIEMOAParetoFrontShape2019,
  title = {{{CRI-EMOA}}: {{A Pareto-Front Shape Invariant Evolutionary Multi-objective Algorithm}}},
  shorttitle = {{{CRI-EMOA}}},
  booktitle = {Evolutionary {{Multi-Criterion Optimization}}},
  author = {{Falc{\'o}n-Cardona}, Jes{\'u}s Guillermo and Coello Coello, Carlos A. and Emmerich, Michael},
  editor = {Deb, Kalyanmoy and Goodman, Erik and Coello Coello, Carlos A. and Klamroth, Kathrin and Miettinen, Kaisa and Mostaghim, Sanaz and Reed, Patrick},
  year = {2019},
  volume = {11411},
  pages = {307--318},
  publisher = {Springer International Publishing},
  address = {Cham},
  doi = {10.1007/978-3-030-12598-1_25},
  urldate = {2023-03-30},
  isbn = {978-3-030-12597-4 978-3-030-12598-1},
  langid = {english}
}

@inproceedings{falcon-cardonaExploitingTradeoffConvergence2020,
  title = {Exploiting the {{Trade-off}} between {{Convergence}} and {{Diversity Indicators}}},
  booktitle = {2020 {{IEEE Symposium Series}} on {{Computational Intelligence}} ({{SSCI}})},
  author = {{Falc{\'o}n-Cardona}, Jesus Guillermo and Ishibuchi, Hisao and Coello, Carlos A. Coello},
  year = {2020},
  month = dec,
  pages = {141--148},
  publisher = {IEEE},
  address = {Canberra, ACT, Australia},
  doi = {10.1109/SSCI47803.2020.9308469},
  urldate = {2023-02-08},
  isbn = {978-1-72812-547-3},
  langid = {english},
  keywords = {main,MOP}
}

@article{falcon-cardonaIndicatorbasedMultiObjectiveEvolutionary2020,
  title = {Indicator-Based {{Multi-Objective Evolutionary Algorithms}}: {{A Comprehensive Survey}}},
  shorttitle = {Indicator-Based {{Multi-Objective Evolutionary Algorithms}}},
  author = {{Falc{\'o}n-Cardona}, Jes{\'u}s and Coello, Carlos},
  year = {2020},
  month = mar,
  journal = {ACM Computing Surveys},
  volume = {53},
  doi = {10.1145/3376916}
}

@article{falcon-cardonaParallelMultiObjectiveEvolutionary2021,
  title = {Parallel {{Multi-Objective Evolutionary Algorithms}}: {{A Comprehensive Survey}}},
  shorttitle = {Parallel {{Multi-Objective Evolutionary Algorithms}}},
  author = {{Falc{\'o}n-Cardona}, Jes{\'u}s Guillermo and Hern{\'a}ndez G{\'o}mez, Raquel and Coello Coello, Carlos A. and Castillo Tapia, Ma. Guadalupe},
  year = {2021},
  month = dec,
  journal = {Swarm and Evolutionary Computation},
  volume = {67},
  pages = {100960},
  issn = {22106502},
  doi = {10.1016/j.swevo.2021.100960},
  urldate = {2023-03-30},
  langid = {english}
}

@inproceedings{geisserStatisticalPrinciplesExperimental1963,
  title = {Statistical {{Principles}} in {{Experimental Design}}.},
  booktitle = {Journal of the {{American Statistical Association}}},
  author = {Geisser, Seymour and Winer, B. J.},
  year = {1963},
  month = dec,
  volume = {58},
  eprint = {2283359},
  eprinttype = {jstor},
  pages = {1175},
  issn = {01621459},
  doi = {10.2307/2283359},
  urldate = {2023-10-11}
}

@article{goemanMultipleHypothesisTesting2014,
  title = {Multiple Hypothesis Testing in Genomics},
  author = {Goeman, Jelle J. and Solari, Aldo},
  year = {2014},
  journal = {Statistics in Medicine},
  volume = {33},
  number = {11},
  pages = {1946--1978},
  issn = {1097-0258},
  doi = {10.1002/sim.6082},
  urldate = {2024-05-14},
  copyright = {Copyright {\copyright} 2014 John Wiley \& Sons, Ltd.},
  langid = {english}
}

@article{gunjanReviewMultiobjectiveOptimization2023,
  title = {A {{Review}} on {{Multi-objective Optimization}} in {{Wireless Sensor Networks Using Nature Inspired Meta-heuristic Algorithms}}},
  author = {{Gunjan}},
  year = {2023},
  month = jun,
  journal = {Neural Process Lett},
  volume = {55},
  number = {3},
  pages = {2587--2611},
  issn = {1573-773X},
  doi = {10.1007/s11063-022-10851-4},
  urldate = {2023-12-05},
  langid = {english}
}

@article{handlMultiobjectiveOptimizationBioinformatics2007,
  title = {Multiobjective {{Optimization}} in {{Bioinformatics}} and {{Computational Biology}}},
  author = {Handl, Julia and Kell, Douglas B. and Knowles, Joshua},
  year = {2007},
  month = apr,
  journal = {IEEE/ACM Transactions on Computational Biology and Bioinformatics},
  volume = {4},
  number = {2},
  pages = {279--292},
  issn = {1557-9964},
  doi = {10.1109/TCBB.2007.070203},
  urldate = {2023-12-05}
}

@article{hardinDISCRETIZINGMANIFOLDSMINIMUM,
  title = {{{DISCRETIZING MANIFOLDS VIA MINIMUM ENERGY POINTS}}},
  author = {Hardin, D P and Saff, E B},
  langid = {english}
}

@inproceedings{hernandezArchiversSingleMultiobjective2022,
  title = {Archivers for Single- and Multi-Objective Evolutionary Optimization Algorithms},
  booktitle = {Proceedings of the {{Genetic}} and {{Evolutionary Computation Conference Companion}}},
  author = {Hern{\'a}ndez, Carlos and Sch{\"u}tze, Oliver},
  year = {2022},
  month = jul,
  pages = {37--38},
  publisher = {ACM},
  address = {Boston Massachusetts},
  doi = {10.1145/3520304.3534076},
  urldate = {2023-02-15},
  isbn = {978-1-4503-9268-6},
  langid = {english},
  keywords = {Algoritmos evolutivos,MOP}
}

@article{hubandReviewMultiobjectiveTest2006,
  title = {A Review of Multiobjective Test Problems and a Scalable Test Problem Toolkit},
  author = {Huband, S. and Hingston, P. and Barone, L. and While, L.},
  year = {2006},
  month = oct,
  journal = {IEEE Trans. Evol. Computat.},
  volume = {10},
  number = {5},
  pages = {477--506},
  issn = {1089-778X},
  doi = {10.1109/TEVC.2005.861417},
  urldate = {2023-05-02}
}

@inproceedings{hubandScalableMultiobjectiveTest2005,
  title = {A {{Scalable Multi-objective Test Problem Toolkit}}},
  booktitle = {Evolutionary {{Multi-Criterion Optimization}}},
  author = {Huband, Simon and Barone, Luigi and While, Lyndon and Hingston, Phil},
  editor = {Coello Coello, Carlos A. and Hern{\'a}ndez Aguirre, Arturo and Zitzler, Eckart},
  year = {2005},
  pages = {280--295},
  publisher = {Springer},
  address = {Berlin, Heidelberg},
  doi = {10.1007/978-3-540-31880-4_20},
  isbn = {978-3-540-31880-4},
  langid = {english}
}

@inproceedings{ishibuchiEvolutionaryManyobjectiveOptimization2008,
  title = {Evolutionary Many-Objective Optimization: {{A}} Short Review},
  shorttitle = {Evolutionary Many-Objective Optimization},
  booktitle = {2008 {{IEEE Congress}} on {{Evolutionary Computation}} ({{IEEE World Congress}} on {{Computational Intelligence}})},
  author = {Ishibuchi, Hisao and Tsukamoto, Noritaka and Nojima, Yusuke},
  year = {2008},
  month = jun,
  pages = {2419--2426},
  issn = {1941-0026},
  doi = {10.1109/CEC.2008.4631121},
  urldate = {2024-06-27},
  keywords = {Evolutionary computation}
}

@inproceedings{ishibuchiModifiedDistanceCalculation2015,
  title = {Modified {{Distance Calculation}} in {{Generational Distance}} and {{Inverted Generational Distance}}},
  author = {Ishibuchi, Hisao and Masuda, Hiroyuki and Tanigaki, Yuki and Nojima, Yusuke},
  year = {2015},
  month = mar,
  pages = {110--125},
  doi = {10.1007/978-3-319-15892-1_8},
  isbn = {978-3-319-15891-4}
}

@inproceedings{jankovicImpactHyperParameterTuning2021,
  title = {The {{Impact}} of {{Hyper-Parameter Tuning}} for {{Landscape-Aware Performance Regression}} and {{Algorithm Selection}}},
  booktitle = {Proceedings of the {{Genetic}} and {{Evolutionary Computation Conference}}},
  author = {Jankovic, Anja and Popovski, Gorjan and Eftimov, Tome and Doerr, Carola},
  year = {2021},
  month = jun,
  eprint = {2104.09272},
  primaryclass = {cs},
  pages = {687--696},
  doi = {10.1145/3449639.3459406},
  urldate = {2023-04-19},
  archiveprefix = {arXiv}
}

@book{knowlesMultiobjectiveProblemSolving2008,
  title = {Multiobjective Problem Solving from Nature: From Concepts to Applications},
  shorttitle = {Multiobjective Problem Solving from Nature},
  editor = {Knowles, Joshua and Corne, David and Deb, Kalyanmoy},
  year = {2008},
  series = {Natural Computing Series},
  publisher = {Springer},
  address = {Berlin},
  isbn = {978-3-540-72963-1},
  langid = {english},
  lccn = {QA76.618 .M85 2008},
  keywords = {Algoritmos evolutivos,MOP},
  annotation = {OCLC: ocn166357865}
}

@article{knowlesPropertiesAdaptiveArchiving2003,
  title = {Properties of an Adaptive Archiving Algorithm for Storing Nondominated Vectors},
  author = {Knowles, J. and Corne, D.},
  year = {2003},
  month = apr,
  journal = {IEEE Transactions on Evolutionary Computation},
  volume = {7},
  number = {2},
  pages = {100--116},
  issn = {1941-0026},
  doi = {10.1109/TEVC.2003.810755},
  urldate = {2023-10-09}
}

@article{kruskalUseRanksOneCriterion1952,
  title = {Use of {{Ranks}} in {{One-Criterion Variance Analysis}}},
  author = {Kruskal, William H. and Wallis, W. Allen},
  year = {1952},
  month = dec,
  journal = {Journal of the American Statistical Association},
  volume = {47},
  number = {260},
  pages = {583--621},
  issn = {0162-1459, 1537-274X},
  doi = {10.1080/01621459.1952.10483441},
  urldate = {2023-10-04},
  langid = {english}
}

@inproceedings{lamontMultiobjectiveEvolutionaryAlgorithms1999,
  title = {Multiobjective Evolutionary Algorithms: Classifications, Analyses, and New Innovations},
  shorttitle = {Multiobjective Evolutionary Algorithms},
  author = {Lamont, G. and Veldhuizen, D. V.},
  year = {1999},
  urldate = {2024-07-19}
}

@article{liBigoalEvolutionManyobjective2015,
  title = {Bi-Goal Evolution for Many-Objective Optimization Problems},
  author = {Li, Miqing and Yang, Shengxiang and Liu, Xiaohui},
  year = {2015},
  month = nov,
  journal = {Artificial Intelligence},
  volume = {228},
  pages = {45--65},
  issn = {00043702},
  doi = {10.1016/j.artint.2015.06.007},
  urldate = {2023-02-08},
  langid = {english},
  keywords = {MOP}
}

@article{liManyObjectiveEvolutionaryAlgorithms2015,
  title = {Many-{{Objective Evolutionary Algorithms}}: {{A Survey}}},
  shorttitle = {Many-{{Objective Evolutionary Algorithms}}},
  author = {Li, Bingdong and Li, Jinlong and Tang, Ke and Yao, Xin},
  year = {2015},
  month = sep,
  journal = {ACM Comput. Surv.},
  volume = {48},
  number = {1},
  pages = {1--35},
  issn = {0360-0300, 1557-7341},
  doi = {10.1145/2792984},
  urldate = {2023-02-08},
  langid = {english}
}

@article{liQualityEvaluationSolution,
  title = {Quality {{Evaluation}} of {{Solution Sets}} in {{Multiobjective Optimisation}}: {{A Survey}}},
  author = {Li, Miqing and Yao, Xin},
  langid = {english},
  keywords = {MOP}
}

@article{mullerUsingMultiobjectiveOptimization2023,
  title = {Using Multiobjective Optimization to Reconstruct Interferometric Data. {{Part I}}},
  author = {M{\"u}ller, Hendrik and Mus, Alejandro and Lobanov, Andrei},
  year = {2023},
  month = jul,
  journal = {A\&A},
  volume = {675},
  pages = {A60},
  publisher = {EDP Sciences},
  issn = {0004-6361, 1432-0746},
  doi = {10.1051/0004-6361/202346207},
  urldate = {2023-12-05},
  copyright = {{\copyright} The Authors 2023},
  langid = {english}
}

@article{nakagawaFarewellBonferroniProblems2004,
  title = {A Farewell to {{Bonferroni}}: The Problems of Low Statistical Power and Publication Bias},
  shorttitle = {A Farewell to {{Bonferroni}}},
  author = {Nakagawa, Shinichi},
  year = {2004},
  month = nov,
  journal = {Behavioral Ecology},
  volume = {15},
  number = {6},
  pages = {1044--1045},
  issn = {1045-2249},
  doi = {10.1093/beheco/arh107},
  urldate = {2024-05-14}
}

@article{pernegerWhatWrongBonferroni1998,
  title = {What's Wrong with {{Bonferroni}} Adjustments},
  author = {Perneger, Thomas V},
  year = {1998},
  month = apr,
  journal = {BMJ},
  volume = {316},
  number = {7139},
  pages = {1236--1238},
  issn = {0959-8138},
  urldate = {2024-05-14},
  pmcid = {PMC1112991},
  pmid = {9553006}
}

@article{sainiMultiobjectiveOptimizationTechniques2021,
  title = {Multi-Objective Optimization Techniques: A Survey of the State-of-the-Art and Applications},
  shorttitle = {Multi-Objective Optimization Techniques},
  author = {Saini, Naveen and Saha, Sriparna},
  year = {2021},
  month = sep,
  journal = {Eur. Phys. J. Spec. Top.},
  volume = {230},
  number = {10},
  pages = {2319--2335},
  issn = {1951-6401},
  doi = {10.1140/epjs/s11734-021-00206-w},
  urldate = {2023-10-26},
  langid = {english}
}

@article{sainiMultiobjectiveOptimizationTechniques2021a,
  title = {Multi-Objective Optimization Techniques: A Survey of the State-of-the-Art and Applications: {{Multi-objective}} Optimization Techniques},
  shorttitle = {Multi-Objective Optimization Techniques},
  author = {Saini, Naveen and Saha, Sriparna},
  year = {2021},
  month = sep,
  journal = {The European Physical Journal Special Topics},
  volume = {230},
  doi = {10.1140/epjs/s11734-021-00206-w}
}

@phdthesis{schafferMultipleObjectiveOptimization1984,
  title = {Multiple {{Objective Optimization}} with {{Vector Evaluated Genetic Algorithms}}},
  author = {Schaffer, J.},
  year = {1984},
  month = jan,
  journal = {Proceedings of the 1st International Conference on Genetic Algorithms},
  volume = {1}
}

@book{schutzeArchivingStrategiesEvolutionary2021a,
  title = {Archiving {{Strategies}} for {{Evolutionary Multi-objective Optimization Algorithms}}},
  author = {Sch{\"u}tze, Oliver and Hern{\'a}ndez, Carlos},
  year = {2021},
  series = {Studies in {{Computational Intelligence}}},
  volume = {938},
  publisher = {Springer International Publishing},
  address = {Cham},
  doi = {10.1007/978-3-030-63773-6},
  urldate = {2023-02-15},
  isbn = {978-3-030-63772-9 978-3-030-63773-6},
  langid = {english},
  keywords = {Algoritmos evolutivos,MOP}
}

@article{seifbarghyNovelMetaheuristicAlgorithm2016,
  title = {A Novel Meta-Heuristic Algorithm for Multi-Objective Dynamic Facility Layout Problem},
  author = {Seifbarghy, Mehdi and Hosseini, Seyed},
  year = {2016},
  month = sep,
  journal = {RAIRO - Operations Research},
  volume = {50},
  doi = {10.1051/ro/2016057}
}

@article{sharmaComprehensiveReviewMultiobjective2022,
  title = {A {{Comprehensive Review}} on {{Multi-objective Optimization Techniques}}: {{Past}}, {{Present}} and {{Future}}},
  shorttitle = {A {{Comprehensive Review}} on {{Multi-objective Optimization Techniques}}},
  author = {Sharma, Shubhkirti and Kumar, Vijay},
  year = {2022},
  month = nov,
  journal = {Arch Computat Methods Eng},
  volume = {29},
  number = {7},
  pages = {5605--5633},
  issn = {1886-1784},
  doi = {10.1007/s11831-022-09778-9},
  urldate = {2023-10-26},
  langid = {english}
}

@article{SIEDLECKI1989335,
  title = {A Note on Genetic Algorithms for Large-Scale Feature Selection},
  author = {Siedlecki, W. and Sklansky, J.},
  year = {1989},
  journal = {Pattern Recognition Letters},
  volume = {10},
  number = {5},
  pages = {335--347},
  issn = {0167-8655},
  doi = {10.1016/0167-8655(89)90037-8}
}

@article{siedleckiNoteGeneticAlgorithms1989,
  title = {A Note on Genetic Algorithms for Large-Scale Feature Selection},
  author = {Siedlecki, W. and Sklansky, J.},
  year = {1989},
  month = nov,
  journal = {Pattern Recognition Letters},
  volume = {10},
  number = {5},
  pages = {335--347},
  issn = {0167-8655},
  doi = {10.1016/0167-8655(89)90037-8},
  urldate = {2023-10-07}
}

@article{sohilIntroductionStatisticalLearning2022,
  title = {An Introduction to Statistical Learning with Applications in {{R}}: By {{Gareth James}}, {{Daniela Witten}}, {{Trevor Hastie}}, and {{Robert Tibshirani}}, {{New York}}, {{Springer Science}} and {{Business Media}}, 2013, \$41.98, {{eISBN}}: 978-1-4614-7137-7},
  shorttitle = {An Introduction to Statistical Learning with Applications in {{R}}},
  author = {Sohil, Fariha and Sohali, Muhammad Umair and Shabbir, Javid},
  year = {2022},
  month = jan,
  journal = {Statistical Theory and Related Fields},
  volume = {6},
  number = {1},
  pages = {87--87},
  issn = {2475-4269, 2475-4277},
  doi = {10.1080/24754269.2021.1980261},
  urldate = {2023-05-02},
  langid = {english},
  keywords = {AMMD,Machine Learning}
}

@article{srinivasMuiltiobjectiveOptimizationUsing1994,
  title = {Muiltiobjective {{Optimization Using Nondominated Sorting}} in {{Genetic Algorithms}}},
  author = {Srinivas, N. and Deb, Kalyanmoy},
  year = {1994},
  month = sep,
  journal = {Evolutionary Computation},
  volume = {2},
  number = {3},
  pages = {221--248},
  issn = {1063-6560},
  doi = {10.1162/evco.1994.2.3.221},
  urldate = {2023-10-11}
}

@article{suttonReinforcementLearningIntroduction,
  title = {Reinforcement {{Learning}}: {{An Introduction}}},
  author = {Sutton, Richard S and Barto, Andrew G},
  langid = {english}
}

@inproceedings{talbiMetaheuristicsDesignImplementation2009,
  title = {Metaheuristics: {{From Design}} to {{Implementation}}},
  shorttitle = {Metaheuristics},
  author = {Talbi, El-Ghazali},
  year = {2009},
  month = jun,
  edition = {1},
  publisher = {Wiley},
  doi = {10.1002/9780470496916},
  urldate = {2023-10-11},
  isbn = {978-0-470-27858-1 978-0-470-49691-6},
  langid = {english}
}

@article{tanParetoOptimizationSmall2023,
  title = {Pareto Optimization with Small Data by Learning across Common Objective Spaces},
  author = {Tan, Chin Sheng and Gupta, Abhishek and Ong, Yew-Soon and Pratama, Mahardhika and Tan, Puay Siew and Lam, Siew Kei},
  year = {2023},
  month = may,
  journal = {Sci Rep},
  volume = {13},
  number = {1},
  pages = {7842},
  publisher = {Nature Publishing Group},
  issn = {2045-2322},
  doi = {10.1038/s41598-023-33414-6},
  urldate = {2023-12-06},
  copyright = {2023 The Author(s)},
  langid = {english}
}

@misc{trajanovExplainableLandscapeAnalysis2022,
  title = {Explainable {{Landscape Analysis}} in {{Automated Algorithm Performance Prediction}}},
  author = {Trajanov, Risto and Dimeski, Stefan and Popovski, Martin and Koro{\v s}ec, Peter and Eftimov, Tome},
  year = {2022},
  month = mar,
  number = {arXiv:2203.11828},
  eprint = {2203.11828},
  primaryclass = {cs},
  publisher = {arXiv},
  doi = {10.48550/arXiv.2203.11828},
  urldate = {2023-04-19},
  archiveprefix = {arXiv}
}

@incollection{ulrichDefiningOptimizingIndicatorBased2010,
  title = {Defining and {{Optimizing Indicator-Based Diversity Measures}} in {{Multiobjective Search}}},
  booktitle = {Parallel {{Problem Solving}} from {{Nature}}, {{PPSN XI}}},
  author = {Ulrich, Tamara and Bader, Johannes and Thiele, Lothar},
  editor = {Schaefer, Robert and Cotta, Carlos and Ko{\l}odziej, Joanna and Rudolph, G{\"u}nter},
  year = {2010},
  pages = {707--717},
  publisher = {Springer Berlin Heidelberg},
  address = {Berlin, Heidelberg},
  doi = {10.1007/978-3-642-15844-5_71},
  urldate = {2023-09-27},
  isbn = {978-3-642-15843-8 978-3-642-15844-5},
  langid = {english}
}

@article{veldhuizenEvolutionaryComputationConvergence,
  title = {Evolutionary {{Computation}} and {{Convergence}} to a {{Pareto Front}}},
  author = {Veldhuizen, David A Van and Lamont, Gary B},
  langid = {english}
}

@article{zadehOptimalityNonscalarvaluedPerformance1963,
  title = {Optimality and Non-Scalar-Valued Performance Criteria},
  author = {Zadeh, L.},
  year = {1963},
  month = jan,
  journal = {IEEE Transactions on Automatic Control},
  volume = {8},
  number = {1},
  pages = {59--60},
  issn = {1558-2523},
  doi = {10.1109/TAC.1963.1105511},
  urldate = {2023-10-11}
}

@article{zitzlerComparisonMultiobjectiveEvolutionary2000,
  title = {Comparison of {{Multiobjective Evolutionary Algorithms}}: {{Empirical Results}}},
  shorttitle = {Comparison of {{Multiobjective Evolutionary Algorithms}}},
  author = {Zitzler, Eckart and Deb, Kalyanmoy and Thiele, Lothar},
  year = {2000},
  month = jun,
  journal = {Evolutionary Computation},
  volume = {8},
  number = {2},
  pages = {173--195},
  issn = {1063-6560},
  doi = {10.1162/106365600568202},
  urldate = {2023-12-10}
}

@inproceedings{zitzlerIndicatorBasedSelectionMultiobjective2004,
  title = {Indicator-{{Based Selection}} in {{Multiobjective Search}}},
  booktitle = {Parallel {{Problem Solving}} from {{Nature}} - {{PPSN VIII}}},
  author = {Zitzler, Eckart and K{\"u}nzli, Simon},
  editor = {Yao, Xin and Burke, Edmund K. and Lozano, Jos{\'e} A. and Smith, Jim and {Merelo-Guerv{\'o}s}, Juan Juli{\'a}n and Bullinaria, John A. and Rowe, Jonathan E. and Ti{\v n}o, Peter and Kab{\'a}n, Ata and Schwefel, Hans-Paul},
  year = {2004},
  pages = {832--842},
  publisher = {Springer},
  address = {Berlin, Heidelberg},
  doi = {10.1007/978-3-540-30217-9_84},
  isbn = {978-3-540-30217-9},
  langid = {english}
}

@inproceedings{zitzlerMultiobjectiveOptimizationUsing1998,
  title = {Multiobjective Optimization Using Evolutionary Algorithms --- {{A}} Comparative Case Study},
  booktitle = {Parallel {{Problem Solving}} from {{Nature}} --- {{PPSN V}}},
  author = {Zitzler, Eckart and Thiele, Lothar},
  editor = {Eiben, Agoston E. and B{\"a}ck, Thomas and Schoenauer, Marc and Schwefel, Hans-Paul},
  year = {1998},
  series = {Lecture {{Notes}} in {{Computer Science}}},
  pages = {292--301},
  publisher = {Springer},
  address = {Berlin, Heidelberg},
  doi = {10.1007/BFb0056872},
  isbn = {978-3-540-49672-4},
  langid = {english}
}

@article{zitzlerPerformanceAssessmentMultiobjective2003,
  title = {Performance Assessment of Multiobjective Optimizers: An Analysis and Review},
  shorttitle = {Performance Assessment of Multiobjective Optimizers},
  author = {Zitzler, E. and Thiele, L. and Laumanns, M. and Fonseca, C.M. and Da Fonseca, V.G.},
  year = {2003},
  month = apr,
  journal = {IEEE Trans. Evol. Computat.},
  volume = {7},
  number = {2},
  pages = {117--132},
  issn = {1089-778X},
  doi = {10.1109/TEVC.2003.810758},
  urldate = {2024-07-14},
  copyright = {https://ieeexplore.ieee.org/Xplorehelp/downloads/license-information/IEEE.html},
  langid = {english}
}
