@article{handlMultiobjectiveOptimizationBioinformatics2007,
  title = {Multiobjective {{Optimization}} in {{Bioinformatics}} and {{Computational Biology}}},
  author = {Handl, Julia and Kell, Douglas B. and Knowles, Joshua},
  year = {2007},
  month = apr,
  journal = {IEEE/ACM Transactions on Computational Biology and Bioinformatics},
  volume = {4},
  number = {2},
  pages = {279--292},
  issn = {1557-9964},
  doi = {10.1109/TCBB.2007.070203},
  urldate = {2023-12-05}
}

@article{gunjanReviewMultiobjectiveOptimization2023,
  title = {A {{Review}} on {{Multi-objective Optimization}} in {{Wireless Sensor Networks Using Nature Inspired Meta-heuristic Algorithms}}},
  author = {{Gunjan}},
  year = {2023},
  month = jun,
  journal = {Neural Process Lett},
  volume = {55},
  number = {3},
  pages = {2587--2611},
  issn = {1573-773X},
  doi = {10.1007/s11063-022-10851-4},
  urldate = {2023-12-05},
  langid = {english},
  keywords = {Meta-heuristics,Multi-objective optimization,Nature inspired algorithms,Wireless sensor networks}
}



@article{aslamComprehensiveSurveyOptimization2020,
  title = {A {{Comprehensive Survey}} on {{Optimization Techniques}} in {{Image Processing}}},
  author = {Aslam, Yasir and Santhi, N.},
  year = {2020},
  month = jan,
  journal = {Materials Today: Proceedings},
  series = {International {{Multi-conference}} on {{Computing}}, {{Communication}}, {{Electrical}} \& {{Nanotechnology}}, {{I2CN-2K19}}, 25th \& 26th {{April}} 2019},
  volume = {24},
  pages = {1758--1765},
  issn = {2214-7853},
  doi = {10.1016/j.matpr.2020.03.600},
  urldate = {2023-12-05},
  keywords = {Cuckoo Optimization,Defect Detection,Firefly Optimization,Optimization Techniques,Particle Swarm Optimization}
}

@article{mullerUsingMultiobjectiveOptimization2023,
  title = {Using Multiobjective Optimization to Reconstruct Interferometric Data. {{Part I}}},
  author = {M{\"u}ller, Hendrik and Mus, Alejandro and Lobanov, Andrei},
  year = {2023},
  month = jul,
  journal = {A\&A},
  volume = {675},
  pages = {A60},
  publisher = {{EDP Sciences}},
  issn = {0004-6361, 1432-0746},
  doi = {10.1051/0004-6361/202346207},
  urldate = {2023-12-05},
  copyright = {{\textcopyright} The Authors 2023},
  langid = {english}
}


@inproceedings{PFI,
  title = {Exploiting the {{Trade-off}} between {{Convergence}} and {{Diversity Indicators}}},
  booktitle = {2020 {{IEEE Symposium Series}} on {{Computational Intelligence}} ({{SSCI}})},
  author = {{Falcon-Cardona}, Jesus Guillermo and Ishibuchi, Hisao and Coello, Carlos A. Coello},
  year = {2020},
  month = dec,
  pages = {141--148},
  publisher = {{IEEE}},
  address = {{Canberra, ACT, Australia}},
  doi = {10.1109/SSCI47803.2020.9308469},
  urldate = {2023-02-08},
  isbn = {978-1-72812-547-3},
  langid = {english},
  keywords = {MOP}
}

@article{SIEDLECKI1989335,
  title = {A Note on Genetic Algorithms for Large-Scale Feature Selection},
  author = {Siedlecki, W. and Sklansky, J.},
  year = {1989},
  journal = {Pattern Recognition Letters},
  volume = {10},
  number = {5},
  pages = {335--347},
  issn = {0167-8655},
  doi = {10.1016/0167-8655(89)90037-8},
  keywords = {classifier,Feature selection,genetic algorithms,multidimensional data,search}
}

@phdthesis{tesis_mst_guillermo,
  title={iMOACOR: Un nuevo algoritmo de optimización multi-objetivo basado en colonias de hormigas para espacios de búsqueda continuos},
  author={Falcón Cardona, Jesús Guillermo},
  year={2016},
  month={Septiembre},
  school={CINVESTAV},
  address={Ciudad de México, México}
}

@phdthesis{tesis_phd_guillermo,
  title={Nuevos Descubrimientos en Torno a Algoritmos Evolutivos Multi-objetivo Basados en Indicadores},
  author={Falcón Cardona, Jesús Guillermo},
  year={2020},
  month={Noviembre},
  school={CINVESTAV},
  address={Ciudad de México, México}
}


@article{liQualityEvaluationSolution,
  title = {Quality {{Evaluation}} of {{Solution Sets}} in {{Multiobjective Optimisation}}: {{A Survey}}},
  author = {Li, Miqing and Yao, Xin},
  langid = {english},
  keywords = {MOP}
}

@phdthesis{HernandezCastellanos2017,
  title={Métodos Orientados a Conjuntos para Optimización Multi-objetivo},
  author={Hernández Castellanos, Carlos Ignacio},
  year={2017},
  month={Diciembre},
  school={CINVESTAV},
  address={Ciudad de México, México}
}



@article{Kruskal,
author = {William H. Kruskal and W. Allen Wallis},
title = {Use of Ranks in One-Criterion Variance Analysis},
journal = {Journal of the American Statistical Association},
volume = {47},
number = {260},
pages = {583-621},
year = {1952},
publisher = {Taylor & Francis},
doi = {10.1080/01621459.1952.10483441}
}

@article{pernegerWhatWrongBonferroni1998,
  title = {What's Wrong with {{Bonferroni}} Adjustments},
  author = {Perneger, Thomas V},
  year = {1998},
  month = apr,
  journal = {BMJ : British Medical Journal},
  volume = {316},
  number = {7139},
  pages = {1236--1238},
  issn = {0959-8138},
  urldate = {2024-05-14},
  pmcid = {PMC1112991},
  pmid = {9553006},
}

@article{nakagawaFarewellBonferroniProblems2004,
  title = {A Farewell to {{Bonferroni}}: The Problems of Low Statistical Power and Publication Bias},
  shorttitle = {A Farewell to {{Bonferroni}}},
  author = {Nakagawa, Shinichi},
  year = {2004},
  month = nov,
  journal = {Behavioral Ecology},
  volume = {15},
  number = {6},
  pages = {1044--1045},
  issn = {1045-2249},
  doi = {10.1093/beheco/arh107},
  urldate = {2024-05-14},
}

@article{goemanMultipleHypothesisTesting2014,
  title = {Multiple Hypothesis Testing in Genomics},
  author = {Goeman, Jelle J. and Solari, Aldo},
  year = {2014},
  journal = {Statistics in Medicine},
  volume = {33},
  number = {11},
  pages = {1946--1978},
  issn = {1097-0258},
  doi = {10.1002/sim.6082},
  urldate = {2024-05-14},
  copyright = {Copyright {\copyright} 2014 John Wiley \& Sons, Ltd.},
  langid = {english},
  keywords = {Bonferroni,false discovery proportion,false discovery rate,familywise error rate,FDR},
}



@article{performance_pareto_front,
  author={Ishibuchi, Hisao and Setoguchi, Yu and Masuda, Hiroyuki and Nojima, Yusuke},
  journal={IEEE Transactions on Evolutionary Computation}, 
  title={Performance of Decomposition-Based Many-Objective Algorithms Strongly Depends on Pareto Front Shapes}, 
  year={2017},
  volume={21},
  number={2},
  pages={169-190},
  doi={10.1109/TEVC.2016.2587749}}

@ARTICLE{HV_ref_point,
author={Knowles, J. and Corne, D.},
journal={IEEE Transactions on Evolutionary Computation}, 
title={Properties of an adaptive archiving algorithm for storing nondominated vectors}, 
year={2003},
volume={7},
number={2},
pages={100-116},
doi={10.1109/TEVC.2003.810755}}

@inproceedings{Measure_Pareto_Optima,
title = {The Measure of Pareto Optima Applications to Multi-Objective Metaheuristics},
booktitle = {Evolutionary Multi-Criterion Optimization},
author = {Fleischer, M.},
editor = {Fonseca, Carlos M. and Fleming, Peter J. and Zitzler, Eckart and Thiele, Lothar and Deb, Kalyanmoy},
year = {2003},
pages = {519--533},
publisher = {{Springer Berlin Heidelberg}},
address = {{Berlin, Heidelberg}},
isbn = {978-3-540-36970-7}
}


@inproceedings{hubandScalableMultiobjectiveTest2005,
  title = {A {{Scalable Multi-objective Test Problem Toolkit}}},
  booktitle = {Evolutionary {{Multi-Criterion Optimization}}},
  author = {Huband, Simon and Barone, Luigi and While, Lyndon and Hingston, Phil},
  editor = {Coello Coello, Carlos A. and Hern{\'a}ndez Aguirre, Arturo and Zitzler, Eckart},
  year = {2005},
  pages = {280--295},
  publisher = {Springer},
  address = {Berlin, Heidelberg},
  doi = {10.1007/978-3-540-31880-4_20},
  isbn = {978-3-540-31880-4},
  langid = {english}
}

@article{hubandReviewMultiobjectiveTest2006,
  title = {A Review of Multiobjective Test Problems and a Scalable Test Problem Toolkit},
  author = {Huband, S. and Hingston, P. and Barone, L. and While, L.},
  year = {2006},
  month = oct,
  journal = {IEEE Trans. Evol. Computat.},
  volume = {10},
  number = {5},
  pages = {477--506},
  issn = {1089-778X},
  doi = {10.1109/TEVC.2005.861417},
  urldate = {2023-05-02}
}

@inproceedings{debScalableMultiobjectiveOptimization2002,
  title = {Scalable Multi-Objective Optimization Test Problems},
  booktitle = {Proceedings of the 2002 {{Congress}} on {{Evolutionary Computation}}. {{CEC}}'02 ({{Cat}}. {{No}}.{{02TH8600}})},
  author = {Deb, K. and Thiele, L. and Laumanns, M. and Zitzler, E.},
  year = {2002},
  month = may,
  volume = {1},
  pages = {825-830 vol.1},
  doi = {10.1109/CEC.2002.1007032},
  urldate = {2024-04-22},
  keywords = {Computer networks,Design optimization,Evolutionary computation,Laboratories,Mechanical engineering,Optimal control,Scalability,Shape control,System testing,Visualization}
}



@inproceedings{zitzlerMultiobjectiveOptimizationUsing1998,
  title = {Multiobjective Optimization Using Evolutionary Algorithms \textemdash{} {{A}} Comparative Case Study},
  booktitle = {Parallel {{Problem Solving}} from {{Nature}} \textemdash{} {{PPSN V}}},
  author = {Zitzler, Eckart and Thiele, Lothar},
  editor = {Eiben, Agoston E. and B{\"a}ck, Thomas and Schoenauer, Marc and Schwefel, Hans-Paul},
  year = {1998},
  series = {Lecture {{Notes}} in {{Computer Science}}},
  pages = {292--301},
  publisher = {{Springer}},
  address = {{Berlin, Heidelberg}},
  doi = {10.1007/BFb0056872},
  isbn = {978-3-540-49672-4},
  langid = {english},
  keywords = {Genetic Algorithm,Knapsack Problem,Multiobjective Optimization,Pareto Front,Test Problem}
}

@article{HV_reference,
author = {Auger, Anne and Bader, Johannes and Brockhoff, Dimo and Zitzler, Eckart},
year = {2009},
month = {01},
pages = {},
title = {Theory of the Hypervolume Indicator: Optimal $\mu$-Distributions and the Choice of the Reference Point},
journal = {Proceedings of the 10th ACM SIGEVO Workshop on Foundations of Genetic Algorithms, FOGA'09},
doi = {10.1145/1527125.1527138}
}

@article{SMS-EMOA,
author = {Hochstrate, Nicola and Naujoks, Boris and Emmerich, Michael},
year = {2007},
month = {02},
pages = {1653-1669},
title = {SMS-EMOA: Multiobjective selection based on dominated hypervolume},
volume = {181},
journal = {European Journal of Operational Research},
doi = {10.1016/j.ejor.2006.08.008}
}

@article{R2-EMOA,
author = {Trautmann, Heike and Wagner, Tobias and Brockhoff, Dimo},
year = {2013},
month = {01},
pages = {},
title = {R2-EMOA: Focused Multiobjective Search Using R2-Indicator-Based Selection},
isbn = {978-3-642-44972-7},
doi = {10.1007/978-3-642-44973-4_8}
}

@article{Wilcoxon,
 ISSN = {00994987},
 author = {Frank Wilcoxon},
 journal = {Biometrics Bulletin},
 number = {6},
 pages = {80--83},
 publisher = {International Biometric Society, Wiley},
 title = {Individual Comparisons by Ranking Methods},
 urldate = {2023-10-04},
 volume = {1},
 year = {1945}
}

@book{EAforMOEAs,
   title ={Evolutionary Algorithms for Solving Multi-Objective Problems},
   author ={Carlos A. Coello Coello, David A. Van Veldhuizen, Gary B. Lamont (auth.)},
   publisher = {Springer},
   isbn ={9781475751864; 1475751869; 9781475751840; 1475751842},
   year ={2002},
   series ={Genetic Algorithms and Evolutionary Computation}
}


@article{coelloEvolutionaryAlgorithmsSolving,
  title = {Evolutionary {{Algorithms}} for {{Solving Multi-Objective Problems Second Edition}}},
  author = {Coello, Carlos A Coello and Lamont, Gary B and Veldhuizen, David A Van},
  langid = {english},
  keywords = {Algoritmos evolutivos,MOP},
  year={2007}
}

@inproceedings{talbiMetaheuristicsDesignImplementation2009,
  title = {Metaheuristics: {{From Design}} to {{Implementation}}},
  shorttitle = {Metaheuristics},
  author = {Talbi, El-Ghazali},
  year = {2009},
  month = jun,
  edition = {1},
  publisher = {{Wiley}},
  doi = {10.1002/9780470496916},
  urldate = {2023-10-11},
  isbn = {978-0-470-27858-1 978-0-470-49691-6},
  langid = {english}
}

@article{zadehOptimalityNonscalarvaluedPerformance1963,
  title = {Optimality and Non-Scalar-Valued Performance Criteria},
  author = {Zadeh, L.},
  year = {1963},
  month = jan,
  journal = {IEEE Transactions on Automatic Control},
  volume = {8},
  number = {1},
  pages = {59--60},
  issn = {1558-2523},
  doi = {10.1109/TAC.1963.1105511},
  urldate = {2023-10-11}
}


@inproceedings{bowmanRelationshipTchebycheffNorm1976,
  title = {On the {{Relationship}} of the {{Tchebycheff Norm}} and the {{Efficient Frontier}} of {{Multiple-Criteria Objectives}}},
  booktitle = {Multiple {{Criteria Decision Making}}},
  author = {Bowman, V. Joseph},
  editor = {Thiriez, Herv{\'e} and Zionts, Stanley},
  year = {1976},
  series = {Lecture {{Notes}} in {{Economics}} and {{Mathematical Systems}}},
  pages = {76--86},
  publisher = {{Springer}},
  address = {{Berlin, Heidelberg}},
  doi = {10.1007/978-3-642-87563-2_5},
  isbn = {978-3-642-87563-2},
  langid = {english},
  keywords = {Criterion Space,Efficient Frontier,Efficient Point,Goal Programming,Nonnegative Orthant}
}

@inproceedings{geisserStatisticalPrinciplesExperimental1963,
  title = {Statistical {{Principles}} in {{Experimental Design}}.},
  booktitle = {Journal of the {{American Statistical Association}}},
  author = {Geisser, Seymour and Winer, B. J.},
  year = {1963},
  month = dec,
  volume = {58},
  eprint = {2283359},
  eprinttype = {jstor},
  pages = {1175},
  issn = {01621459},
  doi = {10.2307/2283359},
  urldate = {2023-10-11}
} 


@article{tanParetoOptimizationSmall2023,
  title = {Pareto Optimization with Small Data by Learning across Common Objective Spaces},
  author = {Tan, Chin Sheng and Gupta, Abhishek and Ong, Yew-Soon and Pratama, Mahardhika and Tan, Puay Siew and Lam, Siew Kei},
  year = {2023},
  month = may,
  journal = {Sci Rep},
  volume = {13},
  number = {1},
  pages = {7842},
  publisher = {{Nature Publishing Group}},
  issn = {2045-2322},
  doi = {10.1038/s41598-023-33414-6},
  urldate = {2023-12-06},
  copyright = {2023 The Author(s)},
  langid = {english},
  keywords = {Engineering,Mathematics and computing}
}

@phdthesis{schafferMultipleObjectiveOptimization1984,
  title = {Multiple {{Objective Optimization}} with {{Vector Evaluated Genetic Algorithms}}},
  author = {Schaffer, J.},
  year = {1984},
  month = jan,
  journal = {Proceedings of the 1st International Conference on Genetic Algorithms},
  volume = {1}
}

@article{srinivasMuiltiobjectiveOptimizationUsing1994,
  title = {Muiltiobjective {{Optimization Using Nondominated Sorting}} in {{Genetic Algorithms}}},
  author = {Srinivas, N. and Deb, Kalyanmoy},
  year = {1994},
  month = sep,
  journal = {Evolutionary Computation},
  volume = {2},
  number = {3},
  pages = {221--248},
  issn = {1063-6560},
  doi = {10.1162/evco.1994.2.3.221},
  urldate = {2023-10-11}
}


@article{seifbarghyNovelMetaheuristicAlgorithm2016,
  title = {A Novel Meta-Heuristic Algorithm for Multi-Objective Dynamic Facility Layout Problem},
  author = {Seifbarghy, Mehdi and Hosseini, Seyed},
  year = {2016},
  month = sep,
  journal = {RAIRO - Operations Research},
  volume = {50},
  doi = {10.1051/ro/2016057}
}


@inproceedings{debFastElitistNondominated2000,
  title = {A {{Fast Elitist Non-dominated Sorting Genetic Algorithm}} for {{Multi-objective Optimization}}: {{NSGA-II}}},
  shorttitle = {A {{Fast Elitist Non-dominated Sorting Genetic Algorithm}} for {{Multi-objective Optimization}}},
  booktitle = {Parallel {{Problem Solving}} from {{Nature PPSN VI}}},
  author = {Deb, Kalyanmoy and Agrawal, Samir and Pratap, Amrit and Meyarivan, T.},
  editor = {Schoenauer, Marc and Deb, Kalyanmoy and Rudolph, G{\"u}nther and Yao, Xin and Lutton, Evelyne and Merelo, Juan Julian and Schwefel, Hans-Paul},
  year = {2000},
  series = {Lecture {{Notes}} in {{Computer Science}}},
  pages = {849--858},
  publisher = {{Springer}},
  address = {{Berlin, Heidelberg}},
  doi = {10.1007/3-540-45356-3_83},
  isbn = {978-3-540-45356-7},
  langid = {english},
  keywords = {Binary Tournament Selection,Multiobjective Optimization,Niched Pareto Genetic Algorithm,Sharing Parameter,Simulated Binary Crossover}
}



@inproceedings{ishibuchiModifiedDistanceCalculation2015,
  title = {Modified {{Distance Calculation}} in {{Generational Distance}} and {{Inverted Generational Distance}}},
  author = {Ishibuchi, Hisao and Masuda, Hiroyuki and Tanigaki, Yuki and Nojima, Yusuke},
  year = {2015},
  month = mar,
  pages = {110--125},
  doi = {10.1007/978-3-319-15892-1_8},
  isbn = {978-3-319-15891-4}
}


@incollection{SPD,
  title = {A {{Survey}} of {{Diversity Oriented Optimization}}: {{Problems}}, {{Indicators}}, and {{Algorithms}}},
  shorttitle = {A {{Survey}} of {{Diversity Oriented Optimization}}},
  booktitle = {{{EVOLVE}} \textendash{} {{A Bridge}} between {{Probability}}, {{Set Oriented Numerics}} and {{Evolutionary Computation VII}}},
  author = {{Basto-Fernandes}, Vitor and Yevseyeva, Iryna and Deutz, Andr{\'e} and Emmerich, Michael},
  editor = {Emmerich, Michael and Deutz, Andr{\'e} and Sch{\"u}tze, Oliver and Legrand, Pierrick and Tantar, Emilia and Tantar, Alexandru-Adrian},
  year = {2017},
  series = {Studies in {{Computational Intelligence}}},
  pages = {3--23},
  publisher = {{Springer International Publishing}},
  address = {{Cham}},
  doi = {10.1007/978-3-319-49325-1_1},
  urldate = {2023-10-12},
  isbn = {978-3-319-49325-1},
  langid = {english},
  keywords = {Constraint Violation,Multiobjective Optimization,Objective Space,Pareto Front,Pareto Optimal Solution}
}

@article{GD,
  title = {Evolutionary {{Computation}} and {{Convergence}} to a {{Pareto Front}}},
  author = {Veldhuizen, David A Van and Lamont, Gary B},
  langid = {english}
}

@inproceedings{IGD,
  title = {A {{Study}} of the {{Parallelization}} of a {{Coevolutionary Multi-objective Evolutionary Algorithm}}},
  booktitle = {{{MICAI}} 2004: {{Advances}} in {{Artificial Intelligence}}},
  author = {Coello Coello, Carlos A. and Reyes Sierra, Margarita},
  editor = {Monroy, Ra{\'u}l and {Arroyo-Figueroa}, Gustavo and Sucar, Luis Enrique and Sossa, Humberto},
  year = {2004},
  pages = {688--697},
  publisher = {Springer},
  address = {Berlin, Heidelberg},
  doi = {10.1007/978-3-540-24694-7_71},
  isbn = {978-3-540-24694-7},
  langid = {english}
}

@article{R2,
  title = {On the {{Properties}} of the {{R2 Indicator}}},
  author = {Brockhoff, Dimo and Wagner, Tobias and Trautmann, Heike},
  year = {2012},
  month = jul,
  journal = {GECCO'12 - Proceedings of the 14th International Conference on Genetic and Evolutionary Computation},
  doi = {10.1145/2330163.2330230}
  }
  
  @article{sEnergy,
  title = {{{'Discretizing manifolds via minimum energy points}}},
  author = {Hardin, D P and Saff, E B},
  journal = {Notices of the American Mathematical Society.},
  langid = {english},
  year= {2004}
}

@article{falcon-cardonaConstructionParetoCompliantCombined2022,
  title = {On the {{Construction}} of {{Pareto-Compliant Combined Indicators}}},
  author = {{Falc{\'o}n-Cardona}, J. G. and Emmerich, M. T. M. and Coello, C. A. Coello},
  year = {2022},
  month = sep,
  journal = {Evolutionary Computation},
  volume = {30},
  number = {3},
  pages = {381--408},
  issn = {1530-9304},
  doi = {10.1162/evco_a_00307},
  urldate = {2023-02-08},
  langid = {english},
  keywords = {MOP}
}

@article{demsarStatisticalComparisonsClassifiers2006a,
  title = {Statistical {{Comparisons}} of {{Classifiers}} over {{Multiple Data Sets}}},
  author = {Dem{\v s}ar, Janez},
  year = {2006},
  month = dec,
  journal = {J. Mach. Learn. Res.},
  volume = {7},
  pages = {1--30},
  issn = {1532-4435}
}

@book{hollanderNonparametricStatisticalMethods2015,
  title = {Nonparametric {{Statistical Methods}}},
  author = {Hollander, Myles and A. Wolfe, Douglas and Chicken, Eric},
  year = {2015},
  month = jul,
  series = {Wiley {{Series}} in {{Probability}} and {{Statistics}}},
  edition = {1},
  publisher = {{Wiley}},
  doi = {10.1002/9781119196037},
  urldate = {2023-10-15},
  isbn = {978-0-470-38737-5 978-1-119-19603-7},
  langid = {english}
}

@article{sainiMultiobjectiveOptimizationTechniques2021,
  title = {Multi-Objective Optimization Techniques: A Survey of the State-of-the-Art and Applications},
  shorttitle = {Multi-Objective Optimization Techniques},
  author = {Saini, Naveen and Saha, Sriparna},
  year = {2021},
  month = sep,
  journal = {Eur. Phys. J. Spec. Top.},
  volume = {230},
  number = {10},
  pages = {2319--2335},
  issn = {1951-6401},
  doi = {10.1140/epjs/s11734-021-00206-w},
  urldate = {2023-10-26},
  langid = {english}
}

@misc{trajanovExplainableLandscapeAnalysis2022,
  title = {Explainable {{Landscape Analysis}} in {{Automated Algorithm Performance Prediction}}},
  author = {Trajanov, Risto and Dimeski, Stefan and Popovski, Martin and Koro{\v s}ec, Peter and Eftimov, Tome},
  year = {2022},
  month = mar,
  number = {arXiv:2203.11828},
  eprint = {2203.11828},
  primaryclass = {cs},
  publisher = {{arXiv}},
  doi = {10.48550/arXiv.2203.11828},
  urldate = {2023-04-19},
  archiveprefix = {arxiv},
  keywords = {Computer Science - Machine Learning,Computer Science - Neural and Evolutionary Computing}
}


@book{Sutton1998,
  added-at = {2019-07-13T10:11:53.000+0200},
  author = {Sutton, Richard S. and Barto, Andrew G.},
  biburl = {https://www.bibsonomy.org/bibtex/2f46601cf8b13d39d1378af0d79438b12/lanteunis},
  edition = {Second},
  interhash = {ac6b144aaec1819919a2fba9f705c852},
  intrahash = {f46601cf8b13d39d1378af0d79438b12},
  keywords = {},
  publisher = {The MIT Press},
  timestamp = {2019-07-13T10:11:53.000+0200},
  title = {Reinforcement Learning: An Introduction},
  url = {http://incompleteideas.net/book/the-book-2nd.html},
  year = {2018 }
}

​


@article{epsilonplus,
  title = {Performance Assessment of Multiobjective Optimizers: An Analysis and Review},
  shorttitle = {Performance Assessment of Multiobjective Optimizers},
  author = {Zitzler, E. and Thiele, L. and Laumanns, M. and Fonseca, C.M. and Da Fonseca, V.G.},
  year = {2003},
  month = apr,
  journal = {IEEE Trans. Evol. Computat.},
  volume = {7},
  number = {2},
  pages = {117--132},
  issn = {1089-778X},
  doi = {10.1109/TEVC.2003.810758},
  urldate = {2024-07-14},
  copyright = {https://ieeexplore.ieee.org/Xplorehelp/downloads/license-information/IEEE.html},
  langid = {english}
}
